<?xml version="1.0" encoding="UTF-8"?><collection xmlns="http://www.loc.gov/MARC21/slim"><record><leader>00426nam--2200133-i-4500</leader><controlfield tag="001">000039439</controlfield><controlfield tag="002">20161230</controlfield><controlfield tag="005">20161230201042</controlfield><controlfield tag="008">060222s1000------------r-----000-0-eng-d</controlfield><datafield ind1=" " ind2=" " tag="080"><subfield code="a">015:541.128</subfield></datafield><datafield ind1=" " ind2=" " tag="100"><subfield code="a">Rochard, Elisabeth, Nee Maurette</subfield></datafield><datafield ind1=" " ind2=" " tag="245"><subfield code="a">Echange isotopique entre l`hydrogene et les amines catalyse par les alcolyamidures alcalins. these</subfield></datafield><datafield ind1=" " ind2=" " tag="260"><subfield code="a">Orsay, Faculte Des Sciences D`Orsay, 1970, 47p</subfield></datafield><datafield ind1=" " ind2=" " tag="852"><subfield code="a">38301</subfield></datafield></record></collection>